@inproceedings{Choi2014ACommunications,
    title = {{A case for leveraging 802.11p for direct phone-to-phone communications}},
    year = {2014},
    booktitle = {Proceedings of the 2014 international symposium on Low power electronics and design - ISLPED '14},
    author = {Choi, Pilsoon and Gao, Jason and Ramanathan, Nadesh and Mao, Mengda and Xu, Shipeng and Boon, Chirn-Chye and Fahmy, Suhaib A. and Peh, Li-Shiuan},
    isbn = {9781450329750},
    doi = {10.1145/2627369.2627644},
    issn = {15334678}
}

@article{Liou2010AAuthentication,
    title = {{A Feasible and Cost Effective Two-Factor Authentication}},
    year = {2010},
    journal = {Software Engineering and Data Mining (SEDM), 2010 2nd International Conference},
    author = {Liou, Jing-Chiou and Bhashyam, Sujith},
    pages = {47--51},
    url = {http://ieeexplore.ieee.org/xpl/login.jsp?tp=&arnumber=5542954&url=http%3A%2F%2Fieeexplore.ieee.org%2Fxpls%2Fabs_all.jsp%3Farnumber%3D5542954},
    isbn = {978-1-4244-7324-3},
    keywords = {authentication, online transaction, otp, security}
}

@article{DiPietro2005ATransactions,
    title = {{A two-factor mobile authentication scheme for secure financial transactions}},
    year = {2005},
    journal = {4th Annual International Conference on Mobile Business, ICMB 2005},
    author = {Di Pietro, Roberto and Me, Gianluigi and Strangio, Maurizio A.},
    pages = {28--34},
    isbn = {0769523676},
    doi = {10.1109/ICMB.2005.12}
}

@article{Lafkih2015ApplicationSystems,
    title = {{Application of new alteration attack on biometric authentication systems}},
    year = {2015},
    journal = {2015 1st International Conference on Anti-Cybercrime, ICACC 2015},
    author = {Lafkih, Maryam and Lacharme, Patrick and Rosenberger, Cristophe and Mikram, Mounia and Ghouzali, Sanaa and Haziti, Mohammed El and Abdul, Wadood and Aboutajdine, Driss},
    isbn = {9781479976201},
    doi = {10.1109/Anti-Cybercrime.2015.7351944},
    keywords = {Biometric authentication systems, alteration, attack, security}
}

@article{Bouhenguel2008BluetoothApplications,
    title = {{Bluetooth security in wearable computing applications}},
    year = {2008},
    journal = {2008 International Symposium on High Capacity Optical Networks and Enabling Technologies, HONET 2008},
    author = {Bouhenguel, Redjem and Mahgoub, Imad and Mohammad, Ilyas},
    pages = {182--186},
    isbn = {9781424429615},
    doi = {10.1109/HONET.2008.4810232},
    keywords = {Authentication, Bluetooth security, Encryptionmatr, Wearable computing, wireless sensor networking}
}

@article{KernerBreakdownNetworks,
    title = {{Breakdown in Traa c Networks}},
    author = {Kerner, Boris S}
}

@article{Liu2015DesignSafety,
    title = {{Design and evaluation of V2X communication system for vehicle and pedestrian safety}},
    year = {2015},
    journal = {Journal of China Universities of Posts and Telecommunications},
    author = {Liu, Zhenyu and Pu, Lin and Zhu, Konglin and Zhang, Lin},
    doi = {10.1016/S1005-8885(15)60689-6},
    issn = {10058885},
    keywords = {V2X communication system, collision forewarning, on board unit, pedestrian safety, smartphone, vehicle safety}
}

@inproceedings{Boban2016DesignLayer,
    title = {{Design aspects for 5G V2X physical layer}},
    year = {2016},
    booktitle = {2016 IEEE Conference on Standards for Communications and Networking, CSCN 2016},
    author = {Boban, Mate and Manolakis, Konstantinos and Ibrahim, Mohamed and Bazzi, Samer and Xu, Wen},
    isbn = {9781509038626},
    doi = {10.1109/CSCN.2016.7785161}
}

@article{DiewaldDriveAssist-AAndroid,
    title = {{DriveAssist-A V2X-Based Driver Assistance System for Android}},
    author = {Diewald, Stefan and M{\"{o}}ller, Andreas and Roalter, Luis and Kranz, Matthias},
    url = {http://www.buyingadvice.com/featured-car-articles/vehicle-lifespan-survey/,}
}

@inproceedings{Gelbal2017ElasticCommunication,
    title = {{Elastic band based pedestrian collision avoidance using V2X communication}},
    year = {2017},
    booktitle = {IEEE Intelligent Vehicles Symposium, Proceedings},
    author = {Gelbal, Sukru Yaren and Arslan, Sibel and Wang, Haoan and Aksun-Guvenc, Bilin and Guvenc, Levent},
    isbn = {9781509048045},
    doi = {10.1109/IVS.2017.7995731},
    keywords = {V2X communication, elastic band method, pedestrian collision avoidance}
}

@article{Hadiwardoyo2017EmpiricalBand,
    title = {{Empirical Study and Modeling of Vehicular Communications at Intersections in the 5 GHz Band}},
    year = {2017},
    author = {Hadiwardoyo, Seilendria A and Tom{\'{a}}s, Andrés and Hern{\'{a}}ndez-Orallo, Enrique and Calafate, Carlos T and Cano, Juan-Carlos and Manzoni, Pietro},
    url = {https://doi.org/10.1155/2017/2861827},
    doi = {10.1155/2017/2861827}
}

@book{Schneier1996ForewordProtocols,
    title = {{Foreword by Whitfield Diffie Preface About the Author Chapter 1 — Foundations Part I — Cryptographic Protocols Chapter 2 — Protocol Building Blocks Chapter 3 — Basic Protocols Chapter 4 — Intermediate Protocols Chapter 5 — Advanced Protocols}},
    year = {1996},
    author = {Schneier, Bruce},
    pages = {1027},
    publisher = {John Wiley {\&} Sons, Inc.},
    isbn = {0471128457}
}

@inproceedings{Jiang2008IEEEEnvironments,
    title = {{IEEE 802.11p: Towards an international standard for wireless access in vehicular environments}},
    year = {2008},
    booktitle = {IEEE Vehicular Technology Conference},
    author = {Jiang, Daniel and Delgrossi, Luca},
    isbn = {9781424416455},
    doi = {10.1109/VETECS.2008.458},
    issn = {15502252},
    keywords = {DSRC, IEEE 802.11, WAVE}
}

@article{Liu2016ImplementationSafety,
    title = {{Implementation and performance measurement of a V2X communication system for vehicle and pedestrian safety}},
    year = {2016},
    journal = {International Journal of Distributed Sensor Networks},
    author = {Liu, Zishan and Liu, Zhenyu and Meng, Zhen and Yang, Xinyang and Pu, Lin and Zhang, Lin},
    doi = {10.1177/1550147716671267},
    issn = {15501477},
    keywords = {Heterogeneous, V2X communication, performance measurement, system implementation}
}

@article{2009INTRODUCTIONMOTIVATION,
    title = {{INTRODUCTION AND MOTIVATION}},
    year = {2009}
}

@inproceedings{Pyykonen2013IoTSystem,
    title = {{IoT for intelligent traffic system}},
    year = {2013},
    booktitle = {Proceedings - 2013 IEEE 9th International Conference on Intelligent Computer Communication and Processing, ICCP 2013},
    author = {Pyykonen, P. and Laitinen, J. and Viitanen, J. and Eloranta, P. and Korhonen, T.},
    isbn = {9781479914937},
    doi = {10.1109/ICCP.2013.6646104},
    keywords = {802.11p, IcOR, Internet of Things, IoT, friction monitoring, intelligent trafic system, road side unit}
}

@article{2016LeadingTechnologies,
    title = {{Leading the world to 5G: Cellular Vehicle-to-Everything (C-V2X) technologies}},
    year = {2016}
}

@article{Leveson1995MedicalTherac-25,
    title = {{Medical Devices: The Therac-25*}},
    year = {1995},
    author = {Leveson, Nancy},
    isbn = {9788578110796},
    doi = {10.1002/lsm.22009},
    issn = {1098-6596},
    pmid = {22334297}
}

@article{Diewald2012MobileCommunication,
    title = {{Mobile Device Integration with V2X Communication}},
    year = {2012},
    author = {Diewald, Stefan and Leinm{\"{u}}ller, Tim and Leinm{\"{u}}ller, Leinm¨ and Atanassow, Boris and Breyer, Lutz-Peter and Kranz, Matthias},
    volume = {22},
    url = {http://www.appcelerator.com/company/survey-results/mobile-developer-report-january-2011/,},
    keywords = {PPD, Vehicle-to-X (V2X) communication, mobile device, onboard unit, smartphone, visualization}
}

@article{Aloul2009MultiPhones,
    title = {{Multi Factor Authentication Using Mobile Phones}},
    year = {2009},
    journal = {International Journal of Mathematics},
    author = {Aloul, Fadi and Zahidi, Syed and El-hajj, Wasim},
    number = {2},
    pages = {65--80},
    volume = {4},
    isbn = {978-1-4244-3807-5},
    doi = {10.1109/AICCSA.2009.5069395},
    keywords = {Authentication, Integrity, Mobile Security}
}

@article{Shah2009NewProcess,
    title = {{New factor of authentication: Something you process}},
    year = {2009},
    journal = {Proceedings - 2009 International Conference on Future Computer and Communication, ICFCC 2009},
    author = {Shah, Shakir Ullah and Hadi, Fazl E. and Minhas, Abid Ali},
    pages = {102--106},
    isbn = {9780769535913},
    doi = {10.1109/ICFCC.2009.79},
    keywords = {Authentication factors, Component, Information security, Multi-level security}
}

@article{Zandbergen2011PositionalPhones,
    title = {{Positional accuracy of assisted GPS data from high-sensitivity GPS-enabled mobile phones}},
    year = {2011},
    journal = {Journal of Navigation},
    author = {Zandbergen, Paul A. and Barbeau, Sean J.},
    isbn = {0373-4633},
    doi = {10.1017/S0373463311000051},
    issn = {03734633},
    pmid = {61124180},
    keywords = {Assisted GPS, High-sensitivity GPS, Mobile phone, Positional accuracy}
}

@article{GaoRoadRunner:Control,
    title = {{RoadRunner: Infrastructure-less Vehicular Congestion Control}},
    author = {Gao, Jason H and Peh, Li-Shiuan},
    url = {http://itsworldcongress.org/sessions/advanced-traffic-control-strategies/http://hdl.handle.net/1721.1/89791}
}

@article{Shah2010SecureSystems,
    title = {{Secure user authentication in multimedia systems}},
    year = {2010},
    journal = {2010 5th International Conference on Future Information Technology, FutureTech 2010 - Proceedings},
    author = {Shah, Shakir Ullah and {Fazl-E-Hadi} and Muhaya, Fahad Bin},
    pages = {1--4},
    isbn = {9781424469505},
    doi = {10.1109/FUTURETECH.2010.5482691},
    keywords = {Authentication, Component, Multimedia Information Security, Shoulder surfing}
}

@article{Huang2013SendingCommunications,
    title = {{Sending Safety Video over WiMAX in Vehicle Communications}},
    year = {2013},
    journal = {Future Internet},
    author = {Huang, Jun and Yang, Oliver and Lawal, Funmilyo},
    doi = {10.3390/fi5040535},
    issn = {1999-5903}
}

@article{Czeskis2012StrengtheningDescriptors,
    title = {{Strengthening User Authentication through Opportunistic Cryptographic Identity Assertions Categories and Subject Descriptors}},
    year = {2012},
    journal = {Computer and communications security, ACM},
    author = {Czeskis, Alexei and Dietz, Michael and Kohno, Tadayaoshi and Wallach, Dan and Balfanz, Dirk},
    pages = {404--414},
    url = {http://doi.acm.org/10.1145/2382196.2382240},
    isbn = {9781450316514},
    doi = {10.1145/2382196.2382240},
    issn = {15437221},
    keywords = {authentication, login, second factor, web}
}

@article{Supporting-Mobile-Devices-with-Wireless-LANMAN-in-Large-Controlled-Environments-Paper,
    title = {{Supporting-Mobile-Devices-with-Wireless-LANMAN-in-Large-Controlled-Environments-Paper}}
}

@article{Fukushima2011TheJapan,
    title = {{The latest trend of v2x driver assistance systems in Japan}},
    year = {2011},
    journal = {Computer Networks},
    author = {Fukushima, Masao},
    isbn = {1389-1286},
    doi = {10.1016/j.comnet.2011.03.012},
    issn = {13891286},
    keywords = {Adas, Cooperative, IT, ITS, V2I, V2V}
}

@article{TheChallenges,
    title = {{The Physical Layer of the IEEE 802.11p WAVE Communication Standard: The Specifications and Challenges}},
    keywords = {IEEE 80211 frequency band, IEEE 80211p, Index Terms-VANET, OFDM, PHY, WAVE, preamble}
}

@article{Eldefrawy2014TheDevices,
    title = {{The use of two authentication factors to enhance the security of mass storage devices}},
    year = {2014},
    journal = {ITNG 2014 - Proceedings of the 11th International Conference on Information Technology: New Generations},
    author = {Eldefrawy, Mohamed Hamdy and Khan, Muhammad Khurram and Elkamchouchi, Hassan},
    pages = {196--200},
    isbn = {9781479931873},
    doi = {10.1109/ITNG.2014.13},
    keywords = {Discrete logarithm problem, Mass storage media, Smart-phones, Two-factor authentication}
}

@article{Schneier2005Two-FactorLate,
    title = {{Two-Factor Authentication: Too Little, Too Late}},
    year = {2005},
    journal = {Communications of the ACM},
    author = {Schneier, Bruce},
    number = {4},
    pages = {136},
    volume = {48},
    isbn = {978-1-4419-5905-8},
    doi = {10.1145/1053291.1053327},
    issn = {00010782}
}

@article{Boban2017UseV2X,
    title = {{Use Cases, Requirements, and Design Considerations for 5G V2X}},
    year = {2017},
    author = {Boban, Mate and Kousaridas, Apostolos and Manolakis, Konstantinos and Eichinger, Joseph and Xu, Wen},
    arxivId = {1712.01754}
}

@article{Hallsteinsen2007UsingAuthentication,
    title = {{Using the mobile phone as a security token for unified authentication}},
    year = {2007},
    journal = {Second International Conference on Systems and Networks Communications, ICSNC 2007},
    author = {Hallsteinsen, Steffen and J{\o}rstad, Ivar and Van Thanh, Do},
    number = {Icsnc},
    isbn = {9780769529387},
    doi = {10.1109/ICSNC.2007.82},
    keywords = {Authentcation, Component, Mobility}
}

@article{SchmidtV2XKommunikation,
    title = {{V2X Kommunikation}},
    author = {Schmidt, Robert K and Leinm{\"{u}}ller, Tim and B{\"{o}}ddeker, Bert}
}

@article{WeimerskirchV2XFuture,
    title = {{V2X Security {\&} Privacy: The Current State and Its Future}},
    author = {Weimerskirch, André}
}

@inproceedings{Ibanez-Guzman2010VehicleResults,
    title = {{Vehicle to vehicle communications applied to road intersection safety, field results}},
    year = {2010},
    booktitle = {IEEE Conference on Intelligent Transportation Systems, Proceedings, ITSC},
    author = {Ibanez-Guzman, Javier and Lefevre, Stephanie and Mokkadem, Abdelkader and Rodhaim, Sylvain},
    isbn = {9781424476572},
    doi = {10.1109/ITSC.2010.5625246},
    issn = {2153-0009}
}

@article{WangWalkSafe:Roads,
    title = {{WalkSafe: A Pedestrian Safety App for Mobile Phone Users Who Walk and Talk While Crossing Roads}},
    author = {Wang, Tianyu and Cardone, Giuseppe and Corradi, Antonio and Torresani, Lorenzo and Campbell, Andrew T},
    keywords = {C3 [Special-Purpose and Application-Based Systems]: Real-time embedded systems General Terms Algorithms, Design, Distraction, Experimentation, Machine Learning, Measurement, Mobile Phones, Pedestrian, Per-formance Keywords Mobile Sensing System}
}

@inproceedings{Dhondge2014WiFiHonk:Safety,
    title = {{WiFiHonk: Smartphone-based beacon stuffed WiFi Car2X-communication system for vulnerable road user safety}},
    year = {2014},
    booktitle = {IEEE Vehicular Technology Conference},
    author = {Dhondge, Kaustubh and Song, Sejun and Choi, Baek Young and Park, Hyungbae},
    isbn = {9781479944828},
    doi = {10.1109/VTCSpring.2014.7023146},
    issn = {15502252}
}